<?xml version="1.0" encoding="UTF-8"?><collection xmlns="http://www.loc.gov/MARC21/slim"><record><leader>00482nam--2200133-i-4500</leader><controlfield tag="001">000023435</controlfield><controlfield tag="002">20161230</controlfield><controlfield tag="005">20161230201035</controlfield><controlfield tag="008">060222s1000------------r-----000-0-eng-d</controlfield><datafield ind1=" " ind2=" " tag="080"><subfield code="a">541.63(043)</subfield></datafield><datafield ind1=" " ind2=" " tag="100"><subfield code="a">Howe, Jerry Joe</subfield></datafield><datafield ind1=" " ind2=" " tag="245"><subfield code="a">Part 1: a novel stereochemical rearrangement process for in somer of trimthylsilicon acetylacetonate, a silyl enol ether. part ii:dynamic stereochemical properties..thesis</subfield></datafield><datafield ind1=" " ind2=" " tag="260"><subfield code="a">Michigan, Michigan State Univ., 1971. X + 146p</subfield></datafield><datafield ind1=" " ind2=" " tag="852"><subfield code="a">42019</subfield></datafield></record></collection>